<record><leader>00000cas a22000007a 4500</leader><controlfield tag="001">19841297</controlfield><controlfield tag="008">890609d19011918mouwr ne      0    0eng d</controlfield><datafield ind1=" " ind2=" " tag="010"><subfield code="a">sn 89066604 </subfield></datafield><datafield ind1=" " ind2=" " tag="040"><subfield code="a">MQN</subfield><subfield code="b">eng</subfield><subfield code="c">MQN</subfield><subfield code="d">OCLCQ</subfield></datafield><datafield ind1=" " ind2=" " tag="042"><subfield code="a">msc</subfield></datafield><datafield ind1="0" ind2=" " tag="130"><subfield code="a">Weekly republican (Cape Girardeau, Mo.)</subfield></datafield><datafield ind1="1" ind2="4" tag="245"><subfield code="a">The weekly republican.</subfield></datafield><datafield ind1=" " ind2=" " tag="260"><subfield code="a">Cape Girardeau, Mo. :</subfield><subfield code="b">Naeter Bros.,</subfield><subfield code="c">-1918.</subfield></datafield><datafield ind1=" " ind2=" " tag="300"><subfield code="a">v.</subfield></datafield><datafield ind1=" " ind2=" " tag="310"><subfield code="a">Weekly</subfield></datafield><datafield ind1="1" ind2=" " tag="362"><subfield code="a">Began in 1901?</subfield></datafield><datafield ind1="0" ind2=" " tag="362"><subfield code="a">-no. 22 [i.e. v. 17, no. 22] (Mar. 1, 1918).</subfield></datafield><datafield ind1=" " ind2=" " tag="515"><subfield code="a">Issue for Mar. 1, 1918 has no. designation but lacks vol. designation.</subfield></datafield><datafield ind1=" " ind2=" " tag="588"><subfield code="a">Description based on: Vol. 7, no. 18 (Feb. 7, 1908).</subfield></datafield><datafield ind1=" " ind2=" " tag="752"><subfield code="a">United States</subfield><subfield code="b">Missouri</subfield><subfield code="c">Cape Girardeau</subfield><subfield code="d">Cape Girardeau.</subfield></datafield><datafield ind1="0" ind2=" " tag="775"><subfield code="t">Daily republican (Cape Girardeau, Mo.)</subfield><subfield code="w">(DLC)sn 89066603</subfield></datafield><datafield ind1="0" ind2="0" tag="785"><subfield code="t">Cape Girardeau southeast Missourian (Cape Girardeau, Mo. : Weekly)</subfield><subfield code="w">(DLC)sn 89066605</subfield></datafield></record>